<?xml version="1.0" encoding="UTF-8"?><record xmlns="http://www.loc.gov/MARC21/slim" xmlns:cinclude="http://apache.org/cocoon/include/1.0" xmlns:zs="http://www.loc.gov/zing/srw/">
  <leader>00414nz  a2200121n  4500</leader>
  <controlfield tag="001">n 2001036327</controlfield>
  <controlfield tag="003">DLC</controlfield>
  <controlfield tag="005">20010517102047.0</controlfield>
  <controlfield tag="008">010517n| acannaabn          |n ana      </controlfield>
  <datafield tag="010" ind1=" " ind2=" ">
    <subfield code="a">n 2001036327</subfield>
  </datafield>
  <datafield tag="040" ind1=" " ind2=" ">
    <subfield code="a">DLC</subfield>
    <subfield code="b">eng</subfield>
    <subfield code="c">DLC</subfield>
  </datafield>
  <datafield tag="110" ind1="2" ind2=" ">
    <subfield code="a">Daughters of the Republic of Texas.</subfield>
    <subfield code="b">San Jacinto Chapter</subfield>
  </datafield>
  <datafield tag="670" ind1=" " ind2=" ">
    <subfield code="a">DeVault, Jan. The ladies and the battlefield, c1999:</subfield>
    <subfield code="b">t.p. (San Jacinto Chapter, Daughters of the Republic of Texas)</subfield>
  </datafield>
</record>